@article{tropp2016randomized,
  title={Randomized single-view algorithms for low-rank matrix approximation},
  author={Tropp, Joel A and Yurtsever, Alp and Udell, Madeleine and Cevher, Volkan},
  journal={arXiv preprint arXiv:1609.00048},
  year={2016}
}

@article{halko2011finding,
  title={Finding structure with randomness: Probabilistic algorithms for constructing approximate matrix decompositions},
  author={Halko, Nathan and Martinsson, Per-Gunnar and Tropp, Joel A},
  journal={SIAM review},
  volume={53},
  number={2},
  pages={217--288},
  year={2011},
  publisher={SIAM}
}

@article{tropp2017practical,
  title={Practical Sketching Algorithms for Low-Rank Matrix Approximation},
  author={Tropp, Joel A and Yurtsever, Alp and Udell, Madeleine and Cevher, Volkan},
  journal={SIAM Journal on Matrix Analysis and Applications},
  volume={38},
  number={4},
  pages={1454--1485},
  year={2017},
  publisher={SIAM}
}

@article{kolda2009tensor,
  title={Tensor decompositions and applications},
  author={Kolda, Tamara G and Bader, Brett W},
  journal={SIAM review},
  volume={51},
  number={3},
  pages={455--500},
  year={2009},
  publisher={SIAM}
}